@article{paper,
  title = {Pattern formation in Dictyostelium via the dynamics of cooperative biological entities},
  author = {Kessler, David A. and Levine, Herbert},
  journal = {Phys. Rev. E},
  volume = {48},
  issue = {6},
  pages = {4801--4804},
  numpages = {0},
  year = {1993},
  month = Dec,
  publisher = {American Physical Society},
  doi = {10.1103/PhysRevE.48.4801},
  url = {https://link.aps.org/doi/10.1103/PhysRevE.48.4801}
}